@COMMENT{{This file has been generated by bib2bib 1.73}}

@COMMENT{{Command line: bib2bib -c '$key="tiu05concur" or $key="momigliano03types" or $key="tiu05eshol" or $key="girard92mail" or $key="tiu04phd" or $key="nadathur99cade" or $key="mcdowell03tcs" or $key="miller91jlc" or $key="miller05tocl" or $key="schroeder-Heister93lics" or $key="tiu04fguc" or $key="miller00cl" or 1=2' ../../../../../pap/references/master.bib}}

@STRING{JLC = {J. of Logic and Computation}}

@STRING{TOCL = {ACM Trans.\ on Computational Logic}}

@UNPUBLISHED{girard92mail,
  AUTHOR = {Jean-Yves Girard},
  TITLE = {A Fixpoint Theorem in Linear Logic},
  NOTE = {An email posting to the mailing list
                  linear@cs.stanford.edu},
  YEAR = {1992},
  MONTH = {February}
}

@ARTICLE{mcdowell03tcs,
  AUTHOR = {Raymond McDowell and Dale Miller and Catuscia
                  Palamidessi},
  TITLE = {Encoding transition systems in sequent calculus},
  JOURNAL = {Theoretical Computer Science},
  YEAR = 2003,
  VOLUME = 294,
  NUMBER = 3,
  LIXCATEGORIE = {RI},
  LIXEQUIPE = {Parsifal},
  PAGES = {411-437},
  DVI = {http://www.lix.polytechnique.fr/Labo/Dale.Miller/papers/tcs97.dvi},
  PDF = {http://www.lix.polytechnique.fr/Labo/Dale.Miller/papers/tcs97.pdf},
  PS = {http://www.lix.polytechnique.fr/Labo/Dale.Miller/papers/tcs97.ps}
}

@INPROCEEDINGS{miller00cl,
  AUTHOR = {Dale Miller},
  TITLE = {Abstract Syntax for Variable Binders: An Overview},
  BOOKTITLE = {Computational Logic - {CL} 2000},
  PAGES = {239-253},
  YEAR = 2000,
  EDITOR = {John Lloyd and {et. al.}},
  NUMBER = 1861,
  SERIES = {LNAI},
  PUBLISHER = {Springer}
}

@ARTICLE{miller05tocl,
  AUTHOR = {Dale Miller and Alwen Tiu},
  TITLE = {A proof theory for generic judgments},
  JOURNAL = TOCL,
  EDITED = {Phokion Kolaitis},
  MONTH = OCT,
  VOLUME = 6,
  NUMBER = 4,
  LIXCATEGORIE = {CIA},
  LIXEQUIPE = {Parsifal},
  PAGES = {749--783},
  PUBLISHER = {ACM Press},
  ADDRESS = {New York, NY, USA},
  YEAR = 2005,
  PDF = {http://www.lix.polytechnique.fr/Labo/Dale.Miller/papers/tocl-nabla.pdf}
}

@ARTICLE{miller91jlc,
  AUTHOR = {Dale Miller},
  TITLE = {A Logic Programming Language with
                  Lambda-Abstraction, Function Variables, and Simple
                  Unification},
  JOURNAL = JLC,
  VOLUME = {1},
  NUMBER = {4},
  PAGES = {497-536},
  YEAR = {1991}
}

@INPROCEEDINGS{momigliano03types,
  AUTHOR = {Alberto Momigliano and Alwen Tiu},
  TITLE = {Induction and Co-induction in Sequent Calculus},
  BOOKTITLE = {Post-proceedings of TYPES 2003},
  EDITOR = {Stefano Berardi, Mario Coppo and Ferruccio Damiani },
  PAGES = {293 - 308},
  YEAR = {2003},
  MONTH = {January},
  SERIES = {LNCS},
  NUMBER = 3085,
  PDF = {http://www.lix.polytechnique.fr/Labo/Alwen.Tiu/linc.pdf}
}

@INPROCEEDINGS{nadathur99cade,
  AUTHOR = {Gopalan Nadathur and Dustin J. Mitchell},
  TITLE = {System Description: {Teyjus}---A Compiler and
                  Abstract Machine Based Implementation of {Lambda
                  Prolog}},
  EDITOR = {H. Ganzinger},
  PAGES = {287--291},
  BOOKTITLE = {Proceedings of the 16th International Conference on
                  Automated Deduction},
  YEAR = 1999,
  PUBLISHER = {Springer-Verlag LNCS},
  ADDRESS = {Trento, Italy},
  MONTH = {July}
}

@INPROCEEDINGS{schroeder-Heister93lics,
  TITLE = {Rules of Definitional Reflection},
  AUTHOR = {Peter Schroeder-Heister},
  PAGES = {222-232},
  BOOKTITLE = {Eighth {Annual Symposium on Logic in Computer
                  Science}},
  PUBLISHER = {IEEE},
  EDITOR = {M. Vardi},
  ORGANIZATION = {IEEE Computer Society Press},
  MONTH = {June},
  YEAR = {1993},
  ABSTRACT = {This paper discusses two rules of definitional
                  reflection: The "logical" version of definitional
                  reflection as used in the extended logic programming
                  language GCLA and the "$\omega$"-version of
                  definitional reflection as proposed by Eriksson and
                  Girard. The logical version is a Left-introduction
                  rule completely analogous to the Left-introduction
                  rules for logical operators in Gentzen-style sequent
                  systems, whereas the $\omega$-version extends the
                  logical version by a principle related to the
                  $\omega$-rule in arithmetic. Correspondingly, the
                  interpretation of free variables differs between the
                  two approaches, resulting in different principles of
                  closure of inference rules under substitution. This
                  difference is crucial for the computational
                  interpretation of definitional reflection.}
}

@INPROCEEDINGS{tiu04fguc,
  AUTHOR = {Alwen Tiu and Dale Miller},
  TITLE = {A Proof Search Specification of the $\pi$-Calculus},
  BOOKTITLE = {3rd Workshop on the Foundations of Global Ubiquitous
                  Computing},
  MONTH = SEP,
  YEAR = 2004,
  SERIES = {ENTCS},
  VOLUME = 138,
  PAGES = {79-101},
  PDF = {http://www.lix.polytechnique.fr/Labo/Dale.Miller/papers/fguc04workshop.pdf},
  LIXCATEGORIE = {CIA},
  LIXEQUIPE = {Parsifal}
}

@PHDTHESIS{tiu04phd,
  AUTHOR = {Alwen Tiu},
  TITLE = {A Logical Framework for Reasoning about Logical
                  Specifications},
  SCHOOL = {Pennsylvania State University},
  YEAR = {2004},
  MONTH = {May},
  LIXCATEGORIE = {TH},
  LIXEQUIPE = {Parsifal},
  PDF = {http://www.lix.polytechnique.fr/Labo/Alwen.Tiu/etd.pdf}
}

@INPROCEEDINGS{tiu05concur,
  AUTHOR = {Alwen Tiu},
  TITLE = {Model Checking for $\pi$-Calculus Using Proof
                  Search},
  BOOKTITLE = {CONCUR},
  PAGES = {36-50},
  EDITOR = {Mart\'{\i}n Abadi and Luca de Alfaro},
  PUBLISHER = {Springer},
  SERIES = {LNCS},
  VOLUME = 3653,
  YEAR = 2005
}

@INPROCEEDINGS{tiu05eshol,
  AUTHOR = {Alwen Tiu and Gopalan Nadathur and Dale Miller},
  TITLE = {Mixing Finite Success and Finite Failure in an
                  Automated Prover},
  BOOKTITLE = {Proceedings of ESHOL'05: Empirically Successful
                  Automated Reasoning in Higher-Order Logics},
  PAGES = {79 - 98},
  YEAR = 2005,
  MONTH = {December},
  PDF = {http://www.lix.polytechnique.fr/Labo/Dale.Miller/papers/eshol05.pdf}
}

